<collection xmlns="http://www.loc.gov/MARC21/slim">
<record>
  <leader>00896nam0a2200229 i 450 </leader>
  <controlfield tag="001">IT\ICCU\CNCE\024019</controlfield>
  <controlfield tag="005">20071024000000.0</controlfield>
  <datafield tag="012" ind1=" " ind2=" ">
    <subfield code="a">r,um i,s, i-re siEt (C) 1598 (Q)</subfield>
    <subfield code="2">fei</subfield>
  </datafield>
  <datafield tag="100" ind1=" " ind2=" ">
    <subfield code="a">19970722d1598        0itac0103    ba</subfield>
  </datafield>
  <datafield tag="101" ind1=" " ind2=" ">
    <subfield code="a">LAT</subfield>
    <subfield code="a">ITA</subfield>
  </datafield>
  <datafield tag="102" ind1=" " ind2=" ">
    <subfield code="a">IT</subfield>
  </datafield>
  <datafield tag="200" ind1="1" ind2=" ">
    <subfield code="a">Iura ciuitatis Montisregalis superiorum permissu edita anno pacis MCLXXXXVIII\!!</subfield>
  </datafield>
  <datafield tag="210" ind1=" " ind2=" ">
    <subfield code="a">In Monteregali</subfield>
    <subfield code="c">apud Ioannem Vincentium Cauallerium</subfield>
    <subfield code="d">1598</subfield>
  </datafield>
  <datafield tag="215" ind1=" " ind2=" ">
    <subfield code="a">\492! c.</subfield>
    <subfield code="d">fol</subfield>
  </datafield>
  <datafield tag="620" ind1=" " ind2=" ">
    <subfield code="a">IT</subfield>
    <subfield code="d">Mondov</subfield>
  </datafield>
  <datafield tag="710" ind1="0" ind2="2">
    <subfield code="a">Mondov</subfield>
    <subfield code="3">7003</subfield>
  </datafield>
  <datafield tag="712" ind1="0" ind2="0">
    <subfield code="a">Cavalleri, Giovanni Vincenzo</subfield>
    <subfield code="3">IT\ICCU\CNCT\000895</subfield>
    <subfield code="4">650</subfield>
  </datafield>
  <datafield tag="790" ind1=" " ind2="0">
    <subfield code="a">Monsregalis</subfield>
    <subfield code="3">IT\ICCU\CNCA\022047</subfield>
    <subfield code="z">Mondov</subfield>
  </datafield>
  <datafield tag="791" ind1="0" ind2="0">
    <subfield code="a">Cavalerius, Ioannes Vincentius</subfield>
    <subfield code="3">IT\ICCU\CNCT\004565</subfield>
    <subfield code="z">Cavalleri, Giovanni Vincenzo</subfield>
  </datafield>
  <datafield tag="801" ind1=" " ind2="3">
    <subfield code="a">IT</subfield>
    <subfield code="b">ICCU</subfield>
    <subfield code="c">20201114</subfield>
  </datafield>
  <datafield tag="899" ind1=" " ind2=" ">
    <subfield code="a">Biblioteca del Consiglio di Stato. Roma</subfield>
    <subfield code="z">MUTILO</subfield>
    <subfield code="1">RM0575</subfield>
    <subfield code="2">RMG CS</subfield>
  </datafield>
  <datafield tag="899" ind1=" " ind2=" ">
    <subfield code="a">Biblioteca Reale. Torino</subfield>
    <subfield code="1">TO0263</subfield>
    <subfield code="2">TO0 07</subfield>
  </datafield>
</record>
</collection>
